<record><leader>00000cas a22000007a 4500</leader><controlfield tag="001">10092881</controlfield><controlfield tag="008">831104c19829999pauwr ne      0   a0eng d</controlfield><datafield ind1=" " ind2=" " tag="010"><subfield code="a">sn 83003367 </subfield></datafield><datafield ind1=" " ind2=" " tag="040"><subfield code="a">NSD</subfield><subfield code="b">eng</subfield><subfield code="c">NSD</subfield><subfield code="d">NPH</subfield><subfield code="d">OCL</subfield><subfield code="d">NVF</subfield><subfield code="d">OCLCQ</subfield></datafield><datafield ind1=" " ind2=" " tag="012"><subfield code="m">1</subfield></datafield><datafield ind1="1" ind2=" " tag="022"><subfield code="a">0746-5084</subfield><subfield code="l">0746-5084</subfield><subfield code="y">0017-4289</subfield><subfield code="2">1</subfield></datafield><datafield ind1=" " ind2=" " tag="032"><subfield code="a">705950</subfield><subfield code="b">USPS</subfield></datafield><datafield ind1=" " ind2=" " tag="037"><subfield code="b">Grit Publishing Co., 208 W. 3rd St., Williamsport, PA 17701</subfield></datafield><datafield ind1=" " ind2=" " tag="042"><subfield code="a">nsdp</subfield></datafield><datafield ind1="0" ind2=" " tag="130"><subfield code="a">Sunday grit (Williamsport, Pa. : 1982)</subfield></datafield><datafield ind1=" " ind2="4" tag="222"><subfield code="a">The Sunday grit</subfield></datafield><datafield ind1="1" ind2="0" tag="245"><subfield code="a">Sunday grit.</subfield></datafield><datafield ind1="1" ind2="3" tag="246"><subfield code="a">New Sunday grit</subfield></datafield><datafield ind1=" " ind2=" " tag="250"><subfield code="a">Regional ed.</subfield></datafield><datafield ind1=" " ind2=" " tag="260"><subfield code="a">Williamsport, Pa. :</subfield><subfield code="b">Grit Pub. Co.,</subfield><subfield code="c">1982-</subfield></datafield><datafield ind1=" " ind2=" " tag="300"><subfield code="a">v.</subfield></datafield><datafield ind1=" " ind2=" " tag="310"><subfield code="a">Weekly</subfield></datafield><datafield ind1="0" ind2=" " tag="362"><subfield code="a">Mar. 14, 1982-</subfield></datafield><datafield ind1=" " ind2=" " tag="500"><subfield code="a">Published Sunday mornings year round.</subfield></datafield><datafield ind1=" " ind2=" " tag="500"><subfield code="a">Also issued as Northcentral Pennsylvania ed. and Sunday ed.</subfield></datafield><datafield ind1=" " ind2=" " tag="500"><subfield code="a">Variant title: New Sunday grit, Oct. 7-Nov. 11, 1984.</subfield></datafield><datafield ind1=" " ind2=" " tag="752"><subfield code="a">United States</subfield><subfield code="b">Pennsylvania</subfield><subfield code="c">Lycoming</subfield><subfield code="d">Williamsport.</subfield></datafield><datafield ind1="0" ind2=" " tag="775"><subfield code="t">Grit (Williamsport, Pa. : National ed.)</subfield><subfield code="w">(DLC)sn 78001330</subfield></datafield><datafield ind1="0" ind2="0" tag="780"><subfield code="t">Grit (Regional ed.)</subfield><subfield code="w">(DLC)sn 86081756</subfield></datafield><datafield ind1=" " ind2=" " tag="936"><subfield code="a">Oct. 23, 1983</subfield></datafield></record>